
@inproceedings{2024SPIE13101.129Jtmp,
author = {Tim Jenness and David H. Irving and James Bosch and Andrei Salnikov and Nate B. Lust},
title = "{Converting Rubin Observatory's Data Butler to a client/server architecture}",
volume = 13101,
year = 2024,
pages = {13101-129 in press},
editor = {Jorge Ibsen and Gianluca Chiozzi},
series = "Society of Photo-Optical Instrumentation Engineers (SPIE) Conference Series",
booktitle = "Software and Cyberinfrastructure for Astronomy VIII",
url = {https://dx.doi.org/doi#here},
}
